@String{j-TUGboat               = "TUGboat"}

@Misc{web:Code2000,
  author = "Jamess Kass",
  title  = "Code 2000",
  note   = "Font resource implementing 53000 Unicode characters; see
           \url{https://en.wikipedia.org/wiki/Code2000}."
}

@Misc{web:noto,
  key = "Goggle",
  author = "{Google fonts}",
  title  = "Noto: A typeface for the world",
  note   = "Font resource containing the Noto families; see
           \url{https://fonts.google.com/noto}."
}


@Book{TLC3,
  author =       "Frank {Mittelbach with U. Fischer}",
  title =        "The {\LaTeX} Companion",
  edition =      "Third",
  publisher =    pub-AW,
  year =         "to appear in 2022",
  address =      pub-AW:adr,
}


@Article{Mittelbach:TB11-1-91,
  author =       "Frank Mittelbach and Rainer Sch{\"o}pf",
  title =        "{The new font family selection{\Dash}User interface to
                 standard {\LaTeX}}",
  journal =      j-TUGboat,
  volume =       "11",
  number =       "1",
  pages =        "91--97",
  month =        apr,
  year =         "1990",
  ISSN =         "0896-3207",
  ISSN-L =       "0896-3207",
  bibdate =      "Fri Jul 13 10:24:20 MDT 2007",
  bibsource =    "http://www.math.utah.edu/pub/tex/bib/index-table-t.html#tugboat;
                 http://www.math.utah.edu/pub/tex/bib/tugboat.bib",
  XXXURL =          "https://tug.org/TUGboat/tb11-1/tb27mitt.pdf",
  acknowledgement = ack-bnb # " and " # ack-nhfb,
  fjournal =     "TUGboat",
  issue =        "27",
  journal-URL =  "https://tug.org/TUGboat/",
}
